@article{yoder_fixed_2014,
  title = {{Fixed-point quantum search with an optimal number of queries}},
  author = {Yoder, Theodore J. and Low, Guang Hao and Chuang, Isaac L.},
  journal = {Phys. Rev. Lett.},
  volume = {113},
  issue = {21},
  pages = {210501},
  numpages = {5},
  year = {2014},
  publisher = {American Physical Society},
  doi = {10.1103/PhysRevLett.113.210501},
  url = {https://link.aps.org/doi/10.1103/PhysRevLett.113.210501}
}

@INPROCEEDINGS{bartschi_grover_2020,
  author = {B{\"a}rtschi, Andreas and Eidenbenz, Stephan},
  title = {{Grover Mixers for QAOA: Shifting Complexity from Mixer Design to State Preparation}},
  booktitle = {{2020 IEEE International Conference on Quantum Computing and Engineering (QCE)}},
  year = {2020},
  volume = {},
  issn = {},
  pages = {72-82},
  keywords = {optimization;mixers;logic gates;standards;approximation algorithms;particle separators;constraint optimization},
  doi = {10.1109/QCE49297.2020.00020},
  url = {https://doi.ieeecomputersociety.org/10.1109/QCE49297.2020.00020},
  publisher = {IEEE Computer Society},
  address = {Los Alamitos, CA, USA}
}

@INPROCEEDINGS{golden_threshold_2021,
  author={Golden, John and B{\"a}rtschi, Andreas and O'Malley, Daniel and Eidenbenz, Stephan},
  title={{Threshold-Based Quantum Optimization}},
  booktitle={2021 IEEE International Conference on Quantum Computing and Engineering (QCE)},
  year={2021},
  volume={},
  number={},
  pages={137-147},
  doi={10.1109/QCE52317.2021.00030}
}

@article{gilliam_grover_2021,
  author = {Gilliam, Austin and Woerner, Stefan and Gonciulea, Constantin},
  title = {{Grover Adaptive Search for Constrained Polynomial Binary Optimization}},
  doi = {10.22331/q-2021-04-08-428},
  url = {https://doi.org/10.22331/q-2021-04-08-428},
  journal = {{Quantum}},
  issn = {2521-327X},
  publisher = {{Verein zur F{\"{o}}rderung des Open Access Publizierens in den Quantenwissenschaften}},
  volume = {5},
  pages = {428},
  year = {2021}
}

@article{gilliam_foundational_2021,
  title = {Foundational Patterns for Efficient Quantum Computing},
  author = {Gilliam, Austin and Venci, Charlene and Muralidharan, Sreraman and Dorum, Vitaliy and May, Eric and Narasimhan, Rajesh and Gonciulea, Constantin},
  year = {2021},
  url = {https://arxiv.org/abs/1907.11513}
}

@book{nielsen_quantum_2010,
  author = {{Nielsen, Michael A. and Chuang, Isaac L.}},
  title = {{Quantum Computation and Quantum Information: 10th Anniversary Edition}},
  DOI = {10.1017/CBO9780511976667},
  publisher={Cambridge University Press},
  place = {Cambridge},
  year={2010}
}

@article{dasilva_linear_2022,
  title = {Linear-depth quantum circuits for multiqubit controlled gates},
  author = {da Silva, Adenilton J. and Park, Daniel K.},
  journal = {Phys. Rev. A},
  volume = {106},
  issue = {4},
  pages = {042602},
  numpages = {6},
  year = {2022},
  month = {Oct},
  publisher = {American Physical Society},
  doi = {10.1103/PhysRevA.106.042602},
  url = {https://link.aps.org/doi/10.1103/PhysRevA.106.042602}
}

@article{farhi_quantum_2014,
  title={A quantum approximate optimization algorithm},
  author={Farhi, Edward and Goldstone, Jeffrey and Gutmann, Sam},
  journal={arXiv preprint arXiv:1411.4028},
  year={2014}
}

@article{szegedy_qaoa_2019,
  title     = {{What do QAOA energies reveal about graphs?}},
  author    = {Szegedy, M\'ari\'o},
  journal   = {arXiv:1912.12277},
  year      = {2019}
}

@article{li_quantum_2019,
doi = {10.1088/1674-1056/ab4e88},
url = {https://dx.doi.org/10.1088/1674-1056/ab4e88},
year = {2019},
month = {nov},
publisher = {Chinese Physical Society and IOP Publishing Ltd},
volume = {28},
number = {12},
pages = {120301},
author = {Tan Li and Shuo Zhang and Xiang-Qun Fu and Xiang Wang and Yang Wang and Jie Lin and Wan-Su Bao},
title = {Quantum search for unknown number of target items by hybridizing fixed-point method with trail-and-error method},
journal = {Chinese Physics B}
}

@article{grover_quantum_97,
  title = {Quantum Mechanics Helps in Searching for a Needle in a Haystack},
  author = {Grover, Lov K.},
  journal = {Phys. Rev. Lett.},
  volume = {79},
  issue = {2},
  pages = {325--328},
  numpages = {0},
  year = {1997},
  month = {Jul},
  publisher = {American Physical Society},
  doi = {10.1103/PhysRevLett.79.325},
  url = {https://link.aps.org/doi/10.1103/PhysRevLett.79.325}
}

@misc{github_fpgs_for_qubo,
  author  = {\'Akos Nagy},
  title   = {{GitHub repository for the implementation of the Fixed-point Grover Search circuit for Quadratic Binary Optimization Problems}},
  note    = {Available at \href{https://github.com/akos-nagy/Grover_FPS_for_QUBO}{github.com/akos-nagy/Grover\_FPS\_for\_QUBO}}
}